<?xml version="1.0" encoding="UTF-8"?><collection xmlns="http://www.loc.gov/MARC21/slim"><record><leader>00405nam--2200133-i-4500</leader><controlfield tag="001">000018097</controlfield><controlfield tag="002">20161230</controlfield><controlfield tag="005">20161230201032</controlfield><controlfield tag="008">060222s1000------------r-----000-0-eng-d</controlfield><datafield ind1=" " ind2=" " tag="100"><subfield code="a">Elenbaas, W</subfield></datafield><datafield ind1=" " ind2=" " tag="245"><subfield code="a">Die temperaturenderung des quecksilberbogens bei zufugung von kadmium</subfield></datafield><datafield ind1=" " ind2=" " tag="260"><subfield code="a">Eindhoven, Holland. 46-54 P.(Gepubl.In Phys. Januer 1935)</subfield></datafield><datafield ind1=" " ind2=" " tag="490"><subfield code="a">Labratoria Philips.Separat 947</subfield></datafield><datafield ind1=" " ind2=" " tag="852"><subfield code="a">4779</subfield></datafield></record></collection>